@inproceedings{wang2019neural,
  title={Neural cleanse: Identifying and mitigating backdoor attacks in neural networks},
  author={Wang, Bolun and Yao, Yuanshun and Shan, Shawn and Li, Huiying and Viswanath, Bimal and Zheng, Haitao and Zhao, Ben Y},
  booktitle={2019 IEEE Symposium on Security and Privacy (SP)},
  pages={707--723},
  year={2019},
  organization={IEEE}
}

@inproceedings{gao2019strip,
  title={Strip: A defence against trojan attacks on deep neural networks},
  author={Gao, Yansong and Xu, Change and Wang, Derui and Chen, Shiping and Ranasinghe, Damith C and Nepal, Surya},
  booktitle={Proceedings of the 35th Annual Computer Security Applications Conference},
  pages={113--125},
  year={2019}
}